@comment{x-kbibtex-personnameformatting=<%l><, %f>}

@book{Pavlidis1982,
	author = {Pavlidis, T.},
	pages = {416},
	publisher = {Computer Science Press},
	title = {{Algorithms for Graphics and Image Processing}},
	year = {1982}
}

@article{Zhang2010,
	author = {Zhang, K. and Zhang, L. and Song, H. and Zhou, W.},
	journal = {Image and Vision Computing},
	month = {April},
	number = {4},
	pages = {668--676},
	title = {{Active Contours with Selective Local or Global Segmentation: {A} New Formulation and Level Set Method}},
	volume = {28},
	year = {2010}
}

@article{Caselles1997,
	author = {Caselles, V. and Kimmel, R. and Sapiro, G.},
	date = {February},
	journal = {International Journal of Computer Vision},
	number = {1},
	pages = {61--79},
	title = {{Geodesic Active Contours}},
	volume = {22},
	year = {1997}
}

@article{Malladi1995,
	author = {Malladi, R. and Sethian, J.A. and Vemuri, B.C.},
	journal = {{IEEE} Transactions on Pattern Analysis and Machine Intelligence},
	month = {February},
	number = {2},
	pages = {158--175},
	title = {{Shape Modeling with Front Propagation: {A} Level Set Approach}},
	volume = {17},
	year = {1995}
}

@article{Zhu2010,
	author = {Zhu, L. and Chen, Y. and Yuille, A.},
	journal = {IEEE Transactions on Pattern Analysis and Machine Intelligence},
	month = {June},
	number = {6},
	pages = {1029--1043},
	title = {{Learning a Hierarchical Deformable Template for Rapid Deformable Object Parsing}},
	volume = {32},
	year = {2010}
}

@article{Cootes2001,
	author = {Cootes, T.F. and Edwards, G.J. and Taylor, C.J.},
	journal = {{IEEE} Transactions on Pattern Analysis and Machine Intelligence},
	month = {June},
	number = {6},
	pages = {681--685},
	title = {{Active Appearance Models}},
	volume = {23},
	year = {2001}
}

@article{Grau2004,
	author = {Grau, V. and Mewes, A.U.J. abd Alca{\~n}iz M. and Kikinis, R. and Warfield, S.K.},
	journal = {{IEEE} Transactions on Medical Imaging},
	number = {4},
	pages = {447--458},
	title = {{Improved Watershed Transform for Medical Image Segmentation Using Prior Information}},
	volume = {23},
	year = {2004}
}

@article{Brunelli1997,
	author = {Brunelli, R. and Poggio, T.},
	journal = {Pattern Recognition},
	month = {May},
	number = {5},
	pages = {751--768},
	title = {{Template Matching: {M}atched Spatial Filters and Beyond}},
	volume = {30},
	year = {1997}
}

@article{Chang2006,
	author = {Chang, K.I. and Bowyer, K.W. and Flynn, P.J.},
	journal = {{IEEE} Transactions on Pattern Analysis and Machine Intelligence},
	month = {October},
	number = {10},
	pages = {1695--1700},
	title = {{Multiple Nose Region Matching for {3D} Face Recognition Under Varying Facial Expression}},
	volume = {28},
	year = {2006}
}

@article{Baron1981,
	author = {Baron, R.J.},
	journal = {International Journal of Man-Machine Studies},
	month = {August},
	number = {2},
	pages = {137--178},
	title = {{Mechanisms of Human Facial Recognition}},
	volume = {15},
	year = {1981}
}

@article{Zimmer2005,
	author = {Zimmer, C. and Olivo-Marin, J.-C.},
	journal = {{IEEE} Transactions on Pattern Analysis and Machine Intelligence},
	month = {January},
	number = {11},
	pages = {1838--1842},
	title = {{Coupled Parametric Active Contours}},
	volume = {27},
	year = {2005}
}

@article{Jain1998,
	author = {Jain, A.K. and Zhong, Y. and Dubuisson-Jolly, M.-P.},
	journal = {Signal Processing},
	month = {December},
	number = {2},
	pages = {109--129},
	title = {{Deformable Template Models: {A} Review}},
	volume = {71},
	year = {1998}
}

@article{McInerney1996,
	author = {McInerney, T. and Terzopoulos, D.},
	journal = {Medical Image Analysis},
	month = {June},
	number = {2},
	pages = {91--108},
	title = {{Deformable Models in Medical Image Analysis: {A} Survey}},
	volume = {1},
	year = {1996}
}

@article{Sage2005,
	author = {Sage, D. and Neumann, F.R. and Hediger, F. and Gasser, S.M. and Unser, M.},
	journal = {{IEEE} Transactions on Image Processing},
	month = {September},
	number = {9},
	pages = {1372--1383},
	title = {{Automatic Tracking of Individual Fluorescence Particles: {A}pplication to the Study of Chromosome Dynamics}},
	volume = {14},
	year = {2005}
}

@book{Soille2003,
	author = {Soille, P.},
	publisher = {Springer-Verlag},
	title = {{Morphological Image Analysis: {P}rinciples and Applications}},
	year = {2003}
}

@article{Wang2008,
	author = {Wang, M. and Zhou, X. and Li, F. and Huckins, J. and King, R.W. and Wong, S.T.C.},
	journal = {Bioinformatics},
	month = {January},
	number = {1},
	pages = {94--101},
	title = {{Novel Cell Segmentation and Online {SVM} for Cell Cycle Phase Identification in Automated Microscopy}},
	volume = {24},
	year = {2008}
}

@inproceedings{Harder2006,
	address = {Copenhagen, Denmark},
	author = {Harder, N. and Mora-Berm{\'u}dez, F. and Godinez, W.J. and Ellenberg, J. and Eils, R. and Rohr, K.},
	booktitle = {{Proceedings of the 9th International Conference on Medical Image Computing and Computer-Assisted Intervention ({MICCAI'06})}},
	month = {October 1-6},
	pages = {840--848},
	title = {{Automated Analysis of the Mitotic Phases of Human Cells in 3{D} Fluorescence Microscopy Image Sequences}},
	volume = {4190/2006},
	year = {2006}
}

@article{Ghosh1994,
	author = {Ghosh, R.N. and Webb, W.W.},
	journal = {Biophysical Journal},
	month = {May},
	number = {5},
	pages = {1301--1318},
	title = {{Automated Detection and Tracking of Individual and Clustered Cell Surface Low Density Lipoprotein Receptor Molecules}},
	volume = {66},
	year = {1994}
}

@inproceedings{Abeysinghe2008,
	author = {Abeysinghe, S.S. and Baker, M. and Chiu, Wah and Ju, Tao},
	booktitle = {{{IEEE} International Conference on Shape Modeling and Applications.}},
	month = {June},
	pages = {63--71},
	title = {{Segmentation-Free Skeletonization of Grayscale Volumes for Shape Understanding}},
	year = {2008}
}

@article{Fabbri2008,
	author = {Fabbri, {Da F. Costa} L. and Torelli, J.C. and Bruno, O.M.},
	journal = {ACM Computing Surveys},
	month = {February},
	number = {1},
	pages = {2:1--2:44},
	title = {{2{D} Euclidean Distance Transform Algorithms: {A} Comparative Survey}},
	volume = {40},
	year = {2008}
}

@book{Blake1998,
	author = {Blake, A. and Isard, M.},
	note = {First edition, 352 p.},
	publisher = {Springer},
	title = {{Active Contours}},
	year = {1998}
}

@article{Brigger2000,
	author = {Brigger, P. and Hoeg, J. and Unser, M.},
	journal = {{IEEE} Transactions on Image Processing},
	month = {September},
	number = {9},
	pages = {1484--1496},
	title = {{B-{S}pline Snakes: {A} Flexible Tool for Parametric Contour Detection}},
	volume = {9},
	year = {2000}
}

@article{DelgadoGonzalo2012a,
	author = {Delgado-Gonzalo, R. and Th{\'e}venaz, P. and Seelamantula, C.S. and Unser, M.},
	journal = {{IEEE} Transactions on Image Processing},
	month = {March},
	number = {3},
	pages = {1258--1271},
	title = {{Snakes with an Ellipse-Reproducing Property}},
	volume = {21},
	year = {2012}
}

@article{DelgadoGonzalo2012,
	author = {Delgado-Gonzalo, R. and Th{\'e}venaz, P. and Unser, M.},
	journal = {Computer Aided Geometric Design},
	month = {February},
	number = {2},
	pages = {109--128},
	title = {{Exponential splines and minimal-support bases for curve representation}},
	volume = {29},
	year = {2012}
}

@inproceedings{Dimitrov2000,
	address = {Hilton Head Island, SC , USA},
	author = {Dimitrov, P. and Phillips, C. and Siddiqi, K.},
	booktitle = {{Proceedings of the {IEEE} Conference on Computer Vision and Pattern Recognition}},
	month = {June 13-15},
	pages = {417--423},
	title = {{Robust and efficient skeletal graphs}},
	year = {2000}
}

@article{Jacob2004,
	author = {Jacob, M. and Blu, T. and Unser, M.},
	journal = {{IEEE} Transactions on Image Processing},
	month = {September},
	number = {9},
	pages = {1231--1244},
	title = {{Efficient Energies and Algorithms for Parametric Snakes}},
	volume = {13},
	year = {2004}
}

@inproceedings{Jacob2001,
	address = {San Diego, CA, USA},
	author = {Jacob, M. and Blu, T. and Unser, M.},
	booktitle = {{Proceedings of the 2001 {SPIE} International Symposium on Medical Imaging: {I}mage Processing ({MI'01})}},
	month = {February 19},
	pages = {340--347},
	title = {{A Unifying Approach and Interface for Spline-Based Snakes}},
	volume = {4322},
	year = {2001}
}

@article{Kass1987,
	author = {Kass, M. and Witkin, A. and Terzopoulos, D.},
	journal = {International Journal of Computer Vision},
	month = {January},
	number = {4},
	pages = {321--331},
	title = {{Snakes: Active Contour Models}},
	volume = {1},
	year = {1988}
}

@article{Leymarie1992,
	author = {Leymarie, F. and Levine, M.D.},
	journal = {{CVGIP}: {I}mage Understanding},
	number = {1},
	pages = {84--94},
	title = {{Fast Raster Scan Distance Propagation on the Discrete Rectangular Lattice}},
	volume = {55},
	year = {1992}
}

@article{Melkman1987,
	author = {Melkman, A.A.},
	journal = {Information Processing Letters},
	month = {April},
	number = {1},
	pages = {11--12},
	title = {{On-line Construction of the Convex Hull of a Simple Polyline}},
	volume = {25},
	year = {1987}
}

@book{Press1986,
	address = {Cambridge, UK},
	author = {Press, W.H. and Teukolsky, S.A. and Vetterling, W.T. and Flannery, B.P.},
	note = {{Third edition, 818 p.}},
	publisher = {{C}ambridge {U}niversity {P}ress},
	title = {{Numerical Recipes: {T}he Art of Scientific Computing}},
	year = {1986}
}

@article{Prewitt1966,
	author = {Prewitt, J.M.S. and Mendelsohn, M.L.},
	journal = {Annals of the New York Academy of Sciences},
	month = {January},
	number = {3},
	pages = {1035--1053},
	title = {{The Analysis of Cell Images}},
	volume = {128},
	year = {1966}
}

@article{Staib1992,
	author = {Staib, L.H. and Duncan, J.S.},
	journal = {{IEEE} Transactions on Pattern Analysis and Machine Intelligence},
	month = {November},
	number = {11},
	pages = {1061--1075},
	title = {{Boundary Finding with Parametrically Deformable Models}},
	volume = {14},
	year = {1992}
}

@article{Thevenaz2011,
	author = {Th{\'e}venaz, P. and Delgado-Gonzalo, R. and Unser, M.},
	journal = {{IEEE} Transactions on Pattern Analysis and Machine Intelligence},
	month = {February},
	number = {2},
	pages = {382--393},
	title = {{The Ovuscule}},
	volume = {33},
	year = {2011}
}

@article{Trier1996,
	author = {Trier, {\O}.D. and Jain, A.K. and Taxt, T.},
	journal = {Pattern Recognition},
	month = {April},
	number = {4},
	pages = {641--662},
	title = {{Feature Extraction Methods for Character Rrecognition - {A} Survey}},
	volume = {29},
	year = {1996}
}

@article{Unser2000,
	author = {Unser, M.},
	journal = {Proceedings of the {IEEE}},
	month = {April},
	number = {4},
	pages = {569--587},
	title = {{Sampling---50 {Y}ears After {S}hannon}},
	volume = {88},
	year = {2000}
}

@article{Unser2011,
	author = {Unser, M. and Chenouard, N. and Ville, D. Van De},
	journal = {{IEEE} Transactions on Image Processing},
	month = {October},
	number = {10},
	pages = {2705--2721},
	title = {{Steerable Pyramids and Tight Wavelet Frames in $L\_{2}({\mathbb{R}}^{d})$}},
	volume = {20},
	year = {2011}
}

@book{Wahba1990,
	author = {Wahba, G.},
	publisher = {Society for Industrial Mathematics},
	title = {{Spline Models for Observational Data}},
	volume = {59},
	year = {1990}
}

@article{Wallis1989,
	author = {Wallis, J.W. and Miller, T.R. and Lerner, C.A. and Kleerup, E.C.},
	journal = {{IEEE} Transactions on Medical Imaging},
	month = {December},
	number = {4},
	pages = {297--230},
	title = {{Three-dimensional display in nuclear medicine}},
	volume = {8},
	year = {1989}
}

@article{Zhang1984,
	author = {Zhang, T.Y. and Suen, C.Y.},
	journal = {Communications of the {ACM}},
	month = {March},
	number = {3},
	pages = {236--239},
	title = {{A Fast Parallel Algorithm for Thinning Digital Patterns}},
	volume = {27},
	year = {1984}
}

@book{Bovik2009,
	author = {Bovik, A.C.},
	pages = {672},
	publisher = {Academic Press},
	title = {{The Essential Guide to Image Processing}},
	year = {2009}
}

@book{Scharf1991,
	address = {Reading, MA, USA},
	author = {Scharf, L.L.},
	pages = {524},
	publisher = {Prentice Hall},
	title = {{Statistical Signal Processing: {D}etection, Estimation and Time Series Analysis}},
	year = {1991}
}

@article{Bai2007,
	author = {Bai, X. and Latecki, L.J. and Liu, W.-Y.},
	journal = {Pattern Analysis and Machine Intelligence, IEEE Transactions on},
	month = {March},
	number = {3},
	pages = {449--462},
	title = {{Skeleton Pruning by Contour Partitioning with Discrete Curve Evolution}},
	volume = {29},
	year = {2007}
}

@article{Ogniewicz1995,
	author = {Ogniewicz, R.L. and K{\"u}bler, O.},
	journal = {Pattern Recognition},
	month = {March},
	number = {3},
	pages = {343--359},
	title = {{Hierarchic Voronoi Skeletons}},
	volume = {28},
	year = {1995}
}

@article{Ju2007,
	author = {Ju, T. and Baker, M.L. and Chiu, W.},
	journal = {Computer-Aided Design},
	month = {May},
	number = {5},
	pages = {352--360},
	title = {{Computing a Family of Skeletons of Volumetric Models for Shape Description}},
	volume = {39},
	year = {2007}
}

@article{bray1997extensible,
	author = {Bray, T. and Paoli, J. and Sperberg-McQueen, C.M. and Maler, E. and Yergeau, F.},
	journal = {World Wide Web Journal},
	number = {4},
	pages = {27--66},
	title = {{Extensible markup language (XML)}},
	volume = {2},
	year = {1997}
}

@article{waters2009accuracy,
	author = {Waters, J.C.},
	journal = {The Journal of cell biology},
	number = {7},
	pages = {1135--1148},
	publisher = {Rockefeller Univ Press},
	title = {{Accuracy and precision in quantitative fluorescence microscopy}},
	volume = {185},
	year = {2009}
}

@article{waters2008interpreting,
	author = {Waters, J.C. and Swedlow, J.R.},
	journal = {Cell Online},
	title = {{Interpreting fluorescence microscopy images and measurements}},
	year = {2008}
}

@article{gerencser2001selective,
	author = {Gerencser, AA and Adam-Vizi, V. and others},
	journal = {Cell Calcium},
	number = {5},
	pages = {311},
	title = {{Selective, high-resolution fluorescence imaging of mitochondrial Ca2+ concentration.}},
	volume = {30},
	year = {2001}
}

@article{hamaratoglu2011dpp,
	author = {Hamaratoglu, F. and de Lachapelle, A.M. and Pyrowolakis, G. and Bergmann, S. and Affolter, M.},
	journal = {PLoS biology},
	number = {10},
	pages = {e1001182},
	publisher = {Public Library of Science},
	title = {{Dpp Signaling Activity Requires Pentagone to Scale with Tissue Size in the Growing Drosophila Wing Imaginal Disc}},
	volume = {9},
	year = {2011}
}

@article{de2010precision,
	author = {Lachapelle, A.M. De and Bergmann, S.},
	journal = {Molecular systems biology},
	number = {1},
	publisher = {Nature Publishing Group},
	title = {{Precision and scaling in morphogen gradient read-out}},
	volume = {6},
	year = {2010}
}

@article{aegerter2005model,
	author = {Aegerter-Wilmsen, T. and Aegerter, C.M. and Bisseling, T.},
	journal = {Journal of theoretical biology},
	number = {1},
	pages = {13--19},
	publisher = {Elsevier},
	title = {{Model for the robust establishment of precise proportions in the early< i> Drosophila embryo}},
	volume = {234},
	year = {2005}
}

@article{schwank2011formation,
	author = {Schwank, G. and Dalessi, S. and Yang, S.F. and Yagi, R. and de Lachapelle, A.M. and Affolter, M. and Bergmann, S. and Basler, K.},
	journal = {PLoS biology},
	number = {7},
	pages = {e1001111},
	publisher = {Public Library of Science},
	title = {{Formation of the long range Dpp morphogen gradient}},
	volume = {9},
	year = {2011}
}

@article{meyer1994watershed,
	author = {Meyer, F.},
	journal = {Signal processing},
	number = {1},
	pages = {113--125},
	publisher = {Elsevier},
	title = {{Topographic distance and watershed lines}},
	volume = {38},
	year = {1994}
}

@article{jaeger2004dynamic,
	author = {Jaeger, J. and Surkova, S. and Blagov, M. and Janssens, H. and Kosman, D. and Kozlov, K.N. and others},
	journal = {Nature},
	number = {6997},
	pages = {368--371},
	publisher = {Nature Publishing Group},
	title = {{Dynamic control of positional information in the early Drosophila embryo}},
	volume = {430},
	year = {2004}
}

@article{perkins2006reverse,
	author = {Perkins, T.J. and Jaeger, J. and Reinitz, J. and Glass, L.},
	journal = {PLOS computational biology},
	number = {5},
	pages = {e51},
	publisher = {Public Library of Science},
	title = {{Reverse engineering the gap gene network of Drosophila melanogaster}},
	volume = {2},
	year = {2006}
}

@article{schaffter2013,
	author = {Schaffter, T. and Delgado-Gonzalo, R. and Hamaratoglu, F. and Affolter, M. and Unser, M. and Floreano, D.},
	note = {Submitted},
	title = {{Towards unsupervised and systematic quantification of biological systems}},
	year = {2013}
}

@article{schneider2012nih,
	author = {Schneider, C.A. and Rasband, W.S. and Eliceiri, K.W.},
	journal = {Nature Methods},
	number = {7},
	pages = {671--675},
	publisher = {Nature Publishing Group},
	title = {{{NIH} {Image} to {ImageJ}: 25 years of image analysis}},
	volume = {9},
	year = {2012}
}

@article{affolter2007decapentaplegic,
	author = {Affolter, M. and Basler, K.},
	journal = {Nature Reviews Genetics},
	number = {9},
	pages = {663--674},
	publisher = {Nature Publishing Group},
	title = {{The Decapentaplegic morphogen gradient: from pattern formation to growth regulation}},
	volume = {8},
	year = {2007}
}

@article{hollander1999nonparametric,
	author = {Hollander, M. and Wolfe, D.A.},
	publisher = {Wiley-Interscience},
	title = {{Nonparametric statistical methods}},
	year = {1999}
}

@article{kanda1998histone,
	author = {Kanda, T. and Sullivan, K.F. and Wahl, G.M.},
	journal = {Current Biology},
	number = {7},
	pages = {377--385},
	publisher = {Elsevier},
	title = {{Histone--GFP fusion protein enables sensitive analysis of chromosome dynamics in living mammalian cells}},
	volume = {8},
	year = {1998}
}

@article{suzuki1997dna,
	author = {Suzuki, T. and Fujikura, K. and Higashiyama, T. and Takata, K.},
	journal = {Journal of Histochemistry \& Cytochemistry},
	number = {1},
	pages = {49--53},
	publisher = {SAGE Publications},
	title = {{DNA staining for fluorescence and laser confocal microscopy}},
	volume = {45},
	year = {1997}
}

@article{sparrow1996use,
	author = {Sparrow, V.W. and Rochat, J.L. and Bard, B.A.},
	journal = {Journal of Computational Acoustics},
	pages = {203--224},
	publisher = {WORLD SCIENTIFIC PUBLISHING},
	title = {{The use of color in the scientific visualization of acoustical phenomena}},
	volume = {4},
	year = {1996}
}

@article{tanimoto2000hedgehog,
	author = {Tanimoto, H. and Itoh, S. and ten Dijke, P. and Tabata, T.},
	journal = {Molecular cell},
	number = {1},
	pages = {59--71},
	publisher = {Elsevier},
	title = {{Hedgehog Creates a Gradient of DPP Activity in< i> Drosophila Wing Imaginal Discs}},
	volume = {5},
	year = {2000}
}

@article{persson1998l45,
	author = {Persson, U. and Izumi, H. and Souchelnytskyi, S. and Itoh, S. and Grimsby, S. and Engstr{\"o}m, U. and Heldin, C.H. and Funa, K. and ten Dijke, P.},
	journal = {FEBS letters},
	number = {1},
	pages = {83--87},
	publisher = {Elsevier},
	title = {{The L45 loop in type I receptors for TGF-$\beta$ family members is a critical determinant in specifying Smad isoform activation}},
	volume = {434},
	year = {1998}
}

@article{kuhnlein1994spalt,
	author = {K{\"u}hnlein, RP and Frommer, G. and Friedrich, M. and Gonzalez-Gaitan, M. and Weber, A. and Wagner-Bernholz, JF and Gehring, WJ and J{\"a}ckle, H. and Schuh, R.},
	journal = {The EMBO journal},
	number = {1},
	pages = {168},
	publisher = {Nature Publishing Group},
	title = {{spalt encodes an evolutionarily conserved zinc finger protein of novel structure which provides homeotic gene function in the head and tail region of the Drosophila embryo.}},
	volume = {13},
	year = {1994}
}

@article{shen2010spatial,
	author = {Shen, J. and Dahmann, C. and Pflugfelder, G.O.},
	journal = {BMC developmental biology},
	number = {1},
	pages = {23},
	publisher = {BioMed Central Ltd},
	title = {{Spatial discontinuity of Optomotor-blind expression in the Drosophila wing imaginal disc disrupts epithelial architecture and promotes cell sorting}},
	volume = {10},
	year = {2010}
}

@article{ninov2010dpp,
	author = {Ninov, N. and Menezes-Cabral, S. and Prat-Rojo, C. and Manj{\'o}n, C. and Weiss, A. and Pyrowolakis, G. and Affolter, M. and Mart{\'i}n-Blanco, E.},
	journal = {Current biology},
	number = {6},
	pages = {513--520},
	publisher = {Elsevier},
	title = {{Dpp signaling directs cell motility and invasiveness during epithelial morphogenesis}},
	volume = {20},
	year = {2010}
}

@article{surowiecki2004wisdom,
	author = {Surowiecki, J.},
	journal = {Economies, Societies and Nations},
	title = {{The Wisdom of Crowds: Why the Many Are Smarter Than the Few and How Collective Wisdom Shapes Business}},
	year = {2004}
}

@article{morata2001drosophila,
	author = {Morata, G.},
	journal = {Nature Reviews Molecular Cell Biology},
	number = {2},
	pages = {89--97},
	publisher = {Nature Publishing Group},
	title = {{How Drosophila appendages develop}},
	volume = {2},
	year = {2001}
}

@article{martin2009cell,
	author = {Mart{\'i}n, F.A. and Herrera, S.C. and Morata, G.},
	journal = {Development},
	number = {22},
	pages = {3747--3756},
	publisher = {The Company of Biologists Limited},
	title = {{Cell competition, growth and size control in the Drosophila wing imaginal disc}},
	volume = {136},
	year = {2009}
}

@article{lawrence1996morphogens,
	author = {Lawrence, P.A. and Struhl, G.},
	journal = {Cell},
	number = {7},
	pages = {951},
	title = {{Morphogens, compartments, and pattern: lessons from drosophila?}},
	volume = {85},
	year = {1996}
}

@article{garcia1973developmental,
	author = {Garc{\'i}a-Bellido, A. and Ripoll, P. and Morata, G.},
	journal = {Nature},
	number = {147},
	pages = {251--253},
	publisher = {Nature Publishing Group},
	title = {{Developmental compartmentalisation of the wing disk of Drosophila}},
	volume = {245},
	year = {1973}
}

@inproceedings{uyttendaele2001eliminating,
	author = {Uyttendaele, M. and Eden, A. and Skeliski, R.},
	booktitle = {{Computer Vision and Pattern Recognition, 2001. CVPR 2001. Proceedings of the 2001 IEEE Computer Society Conference on}},
	organization = {IEEE},
	pages = {II--509},
	title = {{Eliminating ghosting and exposure artifacts in image mosaics}},
	volume = {2},
	year = {2001}
}

